/Users/Dante/ufs/monografia1/projeto/biblio.bib