@book{Electroceramics,
author          = {A. J. Moulson and J. M. Herbert},
title           = {Electroceramics: Materials - Properties - Applications},
publisher       = {Chapman \& Hall},
year            = {1990},
address         = {London}}
