@comment{This file has been generated by Pybliographer}


@TechReport{WPdAJ01,
  Author         = {{Walmir Perreira de Amorim J\'unior}},
  Title          = {Criptografia e {A}utentica\c{c}\~ao},
  year           = 2001,
}

@TechReport{segura01,
  Author         = {{S\'ergio Freitas} and {Arthur Cypriano Costa} and
                   {Bruno Oliveira Silvestre} and {H\'elder Bergamin
                   Pimentel Dias} and {Rui Sant'Ana Junior}},
  Title          = {Descri\c{c}\~ao da primeira etapa do projeto {SEGURA}:
                   {U}m sistema para reconfigura\c{c}\~ao automatizada de
                   redes de computadores sob ataque},
  Institution    = {Departamento de Inform\'atica - UFES},
  year           = 2002,
}

@Book{NPM98,
  Author         = {{Natanya Pittis Moultis} and {Cheryl Kirk}},
  Title          = {X{ML} {B}lack {B}ook {S}olu\c{c}\~ao e {P}oder},
  Publisher      = {Makron Books},
  year           = 1998,
}

@Book{Kurose03,
  Author         = "James F. Kurose and Keith W. Ross",
  Title          = "Redes de Computadores",
  Publisher      = "Addison Wesley",
  year           = 2003,
}

@Book{William86,
  Author         = {{William Ferreira Giozza} and {José Fábio Marinho de
                   Araújo} and {José Antão Beltrão Moura} and {Jacques
                   Philippe Sauvé}},
  Title          = {Redes locais de computadores, {T}ecnologia e
                   {A}plica\c{c}\~oes},
  Publisher      = "McGraw-Hill",
  year           = 1986,
}

@Misc{dns2002,
  Author         = {{Cisco Systems Inc.}},
  Title          = {Configuring the DNS Service},
  HowPublished   = {URL:
                   http://www.cisco.com/univercd/cc/td/doc/product/iaabu/cddm/cddm111/adguide/dns.htm},
  year           = 2002,
}

@InProceedings{rhoden,
  Author         = {{Guilherme Eliseu Rhoden} and {Edison Tadeu Lopes
                   Melo} and {Carlos Becker Westphall}},
  Title          = {Detecc\~ao de intrus\~oes em backbones de redes de
                   computadores atrav\'es da an\'alise de comportameto com
                   snmp},
  BookTitle      = {Anais do 20 {S}imp\'osio {B}rasileiro de {R}edes de
                   {C}omputadores},
  year           = 2002,
}

@InProceedings{jennings99agentoriented,
  Author         = "Nicholas R. Jennings",
  Title          = "Agent-Oriented Software Engineering",
  BookTitle      = "Proceedings of the 9th European Workshop on Modelling
                   Autonomous Agents in a Multi-Agent World : Multi-Agent
                   System Engineering ({MAAMAW}-99)",
  Editor         = "Francisco J. Garijo and Magnus Boman",
  Volume         = "1647",
  Pages          = "1--7",
  Publisher      = "Springer-Verlag: Heidelberg, Germany",
  month          = "~30--~2",
  url            = "citeseer.nj.nec.com/article/jennings00agentoriented.html",
  year           = 1999,
}

@Book{segurança1997,
  Author         = {Terry Bernstein and Anish B. Bhimani and Eugene
                   Schultz and Car ol A. Siegel},
  Title          = {Segurança na Internet},
  Publisher      = {Editora Campus},
  year           = 1995,
}

@InCollection{dimopoulos96abduction,
  Author         = "Dimopoulos, Y. and Kakas, A.",
  Title          = "Abduction and Inductive Learning",
  BookTitle      = "Advances in {I}nductive {L}ogic {P}rogramming",
  Publisher      = "IOS Press",
  Editor         = "De Raedt, L.",
  Pages          = "144-171",
  url            = "citeseer.nj.nec.com/dimopoulos96abduction.html",
  year           = 1996,
}

@Book{WRS94,
  Author         = {{W. Richard Stevens}},
  Title          = {T{CP}/{IP} {I}llustrated: {T}he {P}rotocols},
  Publisher      = {Addison-Wesley},
  Volume         = {1},
  year           = 1994,
}

@Book{shipley,
  Author         = {{Greg Shipley}},
  Title          = {Maximum {S}ecurity},
  Publisher      = {Sams},
  Edition        = {3rd},
  year           = 2001,
}

@Book{JSSM01,
  Author         = {{J. Scambray} and {S. McClure} and {G. Kurts}},
  Title          = {Hackers {E}xpostos: {S}egredos e {S}olu\c{c}\~oes para
                   a {S}eguran\c{c}a de {R}edes},
  Publisher      = {Makron Books do Brasil},
  Edition        = {2},
  year           = 2001,
}

@Book{ray,
  Author         = {{John Ray} and Anonymous},
  Title          = {Maximum {L}inux {S}ecurity},
  Publisher      = {Sams},
  Edition        = {2nd},
  year           = 2001,
}

@Book{WRS94-a,
  Author         = {{W. Richard Stevens}},
  Title          = {T{CP}/{IP} {I}llustrated: The Implementation},
  Publisher      = {Addison-Wesley},
  Volume         = {2},
  year           = 1994,
}

@Book{Tanenbaum92,
  Author         = "Andrew S. Tanenbaum",
  Title          = "Modern Operating Systems",
  Publisher      = "Prentice-Hall",
  year           = 1992,
}

@InCollection{jennings98applications,
  Author         = "Nicholas R. Jennings and Michael J. Wooldridge",
  Title          = "Applications of Intelligent Agents",
  BookTitle      = "Agent Technology: Foundations, Applications, and
                   Markets",
  Publisher      = "Springer-Verlag: Heidelberg, Germany",
  Editor         = "Nicholas R. Jennings and Michael J. Wooldridge",
  Pages          = "3--28",
  url            = "citeseer.nj.nec.com/jennings98applications.html",
  year           = 1998,
}

@Misc{ssh2002,
  Author         = {computrnet},
  Title          = {SSH Information},
  HowPublished   = {URL: http://www.computrnet.com/tutorial/telnet.htm},
  year           = 2002,
}

@Book{honeynet,
  Editor         = {{The Honeynet Project}},
  Title          = {Know {Y}our {E}nemy: {R}evealing the {S}ecurity
                   {T}ools, {T}actics, and {M}otives of the {B}lackhat
                   {C}ommunity},
  Publisher      = {Addison-Wesley},
  year           = 2001,
}

@TechReport{rui,
  Author         = {{Rui Santana Junior}},
  Title          = {Proposta de um Agente de Reconfiguração Remota de
                   Serviços},
  Institution    = {Departamento de Inform\'atica - UFES},
  Address        = {Vit\'oria - ES, Brasil},
  year           = 2002,
}

@InProceedings{MBEM00,
  Author         = {{M.C. Bernardes} and {E.S. Moreira}},
  Title          = {A {P}roposal for {I}ntrusion {D}etection {S}ystems
                   {B}ased on {M}obile {A}gents},
  BookTitle      = {Fifth {S}ymposium on {P}arallel and {D}istributed
                   {E}ngineering},
  year           = 2000,
}

@Article{li98refining,
  Author         = "Renwei Li and Luis Moniz Pereira and Veronica Dahl",
  Title          = "Refining Action Theories through Abductive Logic
                   Programming",
  Journal        = "Lecture Notes in Computer Science",
  Volume         = "1471",
  Pages          = "123--??",
  url            = "citeseer.nj.nec.com/article/li97refining.html",
  year           = 1998,
}

@Misc{nfs2002,
  Author         = {UWSG},
  Title          = {Network File System Overview},
  HowPublished   = {URL:
                   http://www.uwsg.iu.edu/usail/network/nfs/overview.html},
  year           = 2002,
}

@TechReport{RNP99,
  Author         = {RNP},
  Title          = {Gloss\'ario de termos t\'ecnicos sobre redes de
                   computadores},
  Institution    = {RNP - N/REF 0125D C\'odigo 012},
  year           = 1999,
}

@Misc{eiter01logic,
  Author         = "T. Eiter and W. Faber and N. Leone and G. Pfeifer and
                   A. Polleres",
  Title          = "A Logic Programming Approach to Knowledge-State
                   Planning",
  year           = 2001,
  text           = "T. Eiter, W. Faber, N. Leone, G. Pfeifer, and A.
                   Polleres. A Logic Programming Approach to
                   Knowledge-State Planning, II: the DLV K System.
                   Manuscript, November 2001.",
  url            = "citeseer.nj.nec.com/eiter01logic.html",
}

@Misc{TIETF-I02,
  Author         = {{The Internet Engineering Task Force - IETF}},
  Title          = {Request for {C}omments - {RFC}s},
  HowPublished   = {URL: http://www.ietf.org/rfc.html},
  year           = 2002,
}

@Book{LFGS97,
  Author         = {{Luiz Fernando Gomes Soares} and {Guido Lemos de Souza
                   Filho} and {Sergio Golcher}},
  Title          = {Redes de {C}omputadores - {D}as {LAN}s, {MAN}s e
                   {WAN}s \`as redes {ATM}},
  Publisher      = {Campus},
  year           = 1997,
  journal        = {Campus},
}

@InProceedings{AJdSB02,
  Author         = {{Antonio Jos\'e dos Santos Brand\~ao} and {Edson dos
                   Santos Moreira}},
  Title          = {Agentes {M}\'oveis e {S}istemas de {G}erenciamento
                   {SNMP}},
  BookTitle      = {Anais do 20 {S}imp\'osio {B}rasileiro de {R}edes},
  year           = 2002,
}

@InCollection{kartha94actions,
  Author         = "G. Neelakantan Kartha and Vladimir Lifschitz",
  Title          = "Actions with Indirect Effects (Preliminary Report)",
  BookTitle      = "{KR}'94: Principles of Knowledge Representation and
                   Reasoning",
  Publisher      = "Morgan Kaufmann",
  Editor         = "Jon Doyle and Erik Sandewall and Pietro Torasso",
  Pages          = "341--350",
  Address        = "San Francisco, California",
  url            = "citeseer.nj.nec.com/kartha94actions.html",
  year           = 1994,
}

@InProceedings{Dor02,
  Author         = {{Mateus Fernandes Dornelles} and {Vinicius Gadis
                   Ribeiro} and {Raul Fernando Weber}},
  Title          = {M\'odulo de {M}onitoramento para {IDS} h\'{\i}brido},
  BookTitle      = {Anais do 20 {S}imp\'osio {B}rasileiro de {R}edes de
                   {C}omputadores},
  year           = 2002,
}

@Book{prosise,
  Author         = {{Chris Prosise} and {Kevin Mandia}},
  Title          = {Incident {R}esponse: {I}nvestigating {C}omputer
                   {C}rime},
  Publisher      = {Osborne McGraw-Hill},
  year           = 2001,
}

@MastersThesis{MB99,
  Author         = {{M.C. Bernardes}},
  Title          = {Avalia\c{c}\~ao do {U}so de {A}gentes {M}\'oveis em
                   {S}eguran\c{c}a {C}omputacional},
  School         = {ICMC/USP},
  year           = 1999,
  institution    = {ICMC/USP},
}

@Book{PNeAG,
  Author         = {{Peter Norton e Arthur Griffith}},
  Title          = {Guia {C}ompleto do {L}inux},
}

@Book{bb98,
  Author         = {{Bill Ball}},
  Title          = {Usando o Linux},
  Publisher      = {Editora Campus},
  year           = 1998,
}

@TechReport{fernando,
  Author         = {{Fernando Nascimento}},
  Title          = {Uma solução de integração entre ambientes de correio
                   eletrônico},
  Institution    = {Departamento de Inform\'atica - UFES},
  Address        = {Vit\'oria - ES, Brasil},
  year           = 2000,
}

@Book{PLMP02,
  Author         = {{Paul Lasalle} and {Mridula Parihar} and {Rob
                   Scrimger}},
  Title          = {T{CP}/{IP} - {A} {B}\'{\i}blia},
  Publisher      = {Editora Campus},
  year           = 2002,
}

@Book{AST01,
  Author         = {{Andrew S. Tanenbaum}},
  Title          = {Modern {O}perating {S}ystems},
  Publisher      = {Prentice Hall},
  Edition        = {2nd},
  year           = 2001,
}

@Misc{Hpi02,
  Author         = {Hping},
  Title          = {Hping},
  HowPublished   = {URL: http://www.hping.org},
  Note           = {Last Visited: 22/07/2002},
  year           = 2002,
}

@Misc{raynal,
  Author         = {{Fred\'eric Faynal}},
  Title          = {Xinetd},
  HowPublished   = {URL:
                   http://www.linuxfocus.org/English/November2000/article175.shtml},
  year           = 2001,
}

@Misc{F-Secure,
  Author         = {{Katrin Tocheva} and {Sami Rautiainen}},
  Title          = {F-Secure Virus Descriptions},
  HowPublished   = {URL:
                   http://www.europe.f-secure.com/v-descs/ramen.shtml},
  Note           = {Last visited: 09/06/2002},
  year           = 2001,
}

@TechReport{helder,
  Author         = {{Hélder Bergamin Pimentel Dias}},
  Title          = {Uma proposta de Agente de Detecção de Intrusão},
  Institution    = {Departamento de Inform\'atica - UFES},
  Address        = {Vit\'oria - ES, Brasil},
  year           = 2002,
}

@TechReport{BOS03,
  Author         = {{Bruno Oliveira Silvestre}},
  Title          = {Proposta de um Agente de Reação para Segurança de Redes de Computadores},
  Institution    = {Departamento de Inform\'atica - UFES},
  Address        = {Vit\'oria - ES, Brasil},
  year           = 2003,
}


@Unpublished{BOS02,
  Author         = {{Bruno Oliveira Silvestre}},
  Title          = {Implementa\c{c}\~ao de um agente para planejamento de
                   contra-a\c{c}\~oes de uma rede sob ataque},
  Note           = {Relat\'orio final de Inicia\c{c}\~ao Cient\'{\i}fica},
  year           = 2002,
}

@Article{JDVSS00,
  Author         = {{J\"urgen Dix} and {V. S. Subrahmanian} and {George
                   Pick}},
  Title          = {Meta-agent programs},
  Journal        = {Journal of Logic Programming},
  Volume         = {20},
  Pages          = {1-60},
  year           = 2000,
}

@Book{PACL01,
  Author         = {{Paul Albitz} and {Cricket Liu}},
  Title          = {D{NS} e {BIND}: {G}uia para {A}dministradores de
                   {S}istema},
  Publisher      = {Editora Campus},
  year           = 2001,
}

@Book{KR03,
  Author         = {{James F. Kurose and Keith W. Ross}},
  Title          = {Redes de Computadores e a Internet: Uma nova abordagem},
  Publisher      = {Addison Wesley},
  year           = 2003,
}

@Misc{miller96notes,
  Author         = "R. Miller",
  Title          = "Notes on deductive and abductive planning in the event
                   calculus",
  year           = 1996,
  text           = "Rob Miller. Notes on deductive and abductive planning
                   in the event calculus.
                   http://www-lp.doc.ic.ac.uk/UserPages/staff/rsm/rsm1.html,
                   July 1996.",
  url            = "citeseer.nj.nec.com/426381.html",
}

@InProceedings{DMT+02,
  Author         = {{Dalton Matsuo Tavares} and {Mauro C\'esar Bernardes}
                   and {Edson dos Santos Moreira} and {Stenio Firmino
                   Pereira Filho}},
  Title          = {Especifica\c{c}\~ao de {A}gentes de {C}aptura para
                   {S}istemas {D}etectores de {I}ntrus\~ao},
  BookTitle      = {Anais do 20 {S}imp\'osio {B}rasileiro de {R}edes de
                   {C}omputadores},
  year           = 2002,
}

@InProceedings{dante,
    Author      = {Giuseppe Tosi},
    Title       = {Hist\'oria e atualidade dos Direitos do Homem},
    BookTitle   = {Gra\c{c}as do mundo},
    year        = 2004,
}

@TechReport{campana,
  Author         = {{José Carlos Campana Filho}},
  Title          = {Proposta de um protocolo leve de transporte para
                   clusters de computadores},
  Institution    = {Departamento de Inform\'atica - UFES},
  Address        = {Vit\'oria - ES, Brasil},
  year           = 2002,
}

@TechReport{lara,
  Author         = {{Lara Machado Maeira} and {Alexandre Moretto Ribeiro}},
  Title          = {A Utiliza\c c\~ao de Sistemas Multiagentes para a Detec\c c\~ao de Instrus\~ao em Redes},
  Institution    = {Departamento de Inform\'atica - Universidade de Caxias do Sul},
  Address        = {Caxias do Sul - RS, Brasil},
  year           = 2001,
}

@TechReport{WPdAJ02,
  Author         = {{Walmir Pereira de Amorim Junior}},
  Title          = {Criptografia e autentica\c{c}\~ao: um modelo
                   utilizando {RSA}, {SHA}-1 e {IDEA}},
  Institution    = {Departamento de Inform\'atica - UFES},
  Address        = {Vit\'oria - ES, Brasil},
  year           = 2002,
}

@Misc{firewall1999,
  Author         = {{Mark Grennan}},
  Title          = {Firewall and Proxy Server HOWTO},
  HowPublished   = {URL: http://www.linux.com/howto/firewall-howto.html},
  Note           = {Last visited: 09/06/2002},
  year           = 1999,
}

@Misc{ipchains1999,
  Author         = {{Paul Russell}},
  Title          = {Linux IPCHAINS-HOWTO},
  HowPublished   = {URL: http://www.linux.com/howto/ipchains-howto.html},
  year           = 1999,
}

@Book{Thomas00,
  Author         = "Thomas A. Wadlow",
  Title          = "Segurança de Redes: Projetos e Gerenciamento de Redes
                   Seguras",
  Publisher      = "Campus",
  year           = 2000,
}

@Book{zwicky,
  Author         = {{Elizabeth D. Zwicky} and {Simon Cooper} and {D. Brent
                   Chapman} and {Deborah Russell}},
  Title          = {Building {I}nternet {F}irewalls},
  Publisher      = {O'Reilly},
  year           = 2000,
}

@Book{MSCLP01,
  Author         = {{Matthew Strebe} and {Charles L. Perkins}},
  Title          = {Firewalls},
  Publisher      = {Makron Books do Brasil},
  year           = 2001,
}

@Book{SSH00,
  Author         = "Daniel J. Barrett and Richard Silverman",
  Title          = "SSH, The Secure Shell: The Definitive Guide",
  Publisher      = "O'Reilly",
  year           = 2000,
}

@Misc{TSP02,
  Author         = {{The Snort Project}},
  Title          = {The {O}pen {S}ource {N}etwork {I}ntrusion {D}etection
                   {S}ystem},
  HowPublished   = {URL: http://www.snort.org},
  Note           = {Last Visited: 22/07/2002},
  year           = 2002,
}

@Misc{NP02,
  Author         = {{The Nessus Project}},
  Title          = {The Nessus Project},
  HowPublished   = {URL: http://www.nessus.org},
  Note           = {Last Visited: 22/07/2002},
  year           = 2002,
}

@Misc{SC02,
  Author         = {{Saint Corporation}},
  Title          = {{S}ecurity {A}dministrator's {In}tegrated {T}ool},
  HowPublished   = {URL: http://www.saintcorporation.com/index.html},
  Note           = {Last Visited: 22/07/2002},
  year           = 2002,
}

@Misc{PSS02,
  Author         = {{Packet Storm Security}},
  Title          = {Legion},
  HowPublished   = {URL: http://packetstormsecurity.nl/groups/rhino9/},
  Note           = {Last Visited: 22/07/2002},
  year           = 2002,
}

@TechReport{marcio,
  Author         = {{Márcio Pereira Machado}},
  Title          = {Análise e estudo de segurança de corporações
                   utilizando firewalls},
  Institution    = {Departamento de Inform\'atica - UFES},
  Address        = {Vit\'oria - ES, Brasil},
  year           = 2002,
}

@Misc{RNP02,
  Author         = {{Frank Ned}},
  Title          = {Ferramentas de {IDS}},
  HowPublished   = {www.rnp.br/newsgen/9909/ids.shtml},
  Note           = {Volume 3 Numero 5},
  year           = 1999,
}

@Book{stallings02,
  Author         = {{William Stallings}},
  Title          = {Cryptography and {N}etwork {S}ecurity: {P}rinciples
                   and {P}ractice},
  Publisher      = {Prentice Hall},
  Edition        = {3rd},
  year           = 2002,
}

@Misc{TGP02b,
  Author         = {{The GNU Project}},
  Title          = {Bison {M}anual},
  HowPublished   = {URL: http://www.gnu.org/bison},
  year           = 2002,
}

@Misc{JS02,
  Author         = {{John Savard}},
  Title          = {A {C}ryptographic {C}ompendium},
  HowPublished   = {URL: http://home.ecn.ab.ca/jsavard/crypto/entry.htm},
  Note           = {Last visited: 09/06/2002},
  year           = 2002,
}

@Book{BS96,
  Author         = {{Bruce Schneier}},
  Title          = {Applied {C}ryptography: {P}rotocols, {A}lgorithms, and
                   {S}ource {C}ode in {C}},
  Publisher      = {John Wiley \& Sons},
  Edition        = {2nd},
  year           = 1995,
}

@Book{AMPVO96,
  Editor         = {{Alfred J. Menezes} and {Paul C. Van Oorschot} and
                   {Scott A. Vanstone}},
  Title          = {Handbook of {A}pplied {C}ryptography},
  Publisher      = {CRC Press},
  year           = 1996,
}

@Misc{TGP02,
  Author         = {{The GNU Project}},
  Title          = {Flex {M}anual},
  HowPublished   = {URL: http://www.gnu.org/flex},
  year           = 2002,
}

@InCollection{wooldridge99intelligent,
  Author         = "Michael Wooldridge",
  Title          = "Intelligent Agents",
  BookTitle      = "Multiagent Systems: A Modern Approach to Distributed
                   Artificial Intelligence",
  Publisher      = "The MIT Press",
  Editor         = "Gerhard Weiss",
  Pages          = "27--78",
  Address        = "Cambridge, MA, USA",
  url            = "citeseer.nj.nec.com/wooldridge95intelligent.html",
  year           = 1999,
}

@Book{LFGS95,
  Author         = {{Luiz F. G. Soares} and {Guido Lemos} and {S\'ergio
                   Colcher}},
  Title          = {Redes de {C}omputadores},
  Publisher      = {Editora Campus},
  year           = 1995,
}

@Book{CH97,
  Author         = {{Craig Hunt}},
  Title          = {T{CP}/{IP} {N}etwork {A}dministration},
  Publisher      = {O'Reilly},
  year           = 1997,
}

@Book{GuiaUML,
  Author         = {{Grady Booch} and {James Rumbauch} and {Ivar Jacobson}},
  Publisher      = {Campus},
  Edition        = {1},
  year           = 2000,
}

@Misc{nis2002,
  Author         = {UWSG},
  Title          = {Network Information Service Overview},
  HowPublished   = {URL:
                   http://nscp.upenn.edu/aix4.3html/aixbman/commadmn/nis\_intro.htm},
  year           = 2002,
}

@Book{MGN,
  Author         = {{Matthew G. Naugle}},
  Title          = {Illustrated {TCP}/{IP}},
  Publisher      = {},
  year           = 1998,
}

@Misc{Io02,
  Author         = {{Insecure org}},
  Title          = {The {N}etwork {E}xplotation {T}ool and {S}ecurity
                   {S}canner},
  HowPublished   = {URL: http://www.insecure.org/nmap},
  Note           = {Last Visited: 22/07/2002},
  year           = 2002,
}

@InProceedings{MRFP+02,
  Author         = {{Marcelo Reis} and {Fabr\'{\i}cio Paula} and {Diego
                   Fernandes} and {Paulo Geus}},
  Title          = {A {H}ybrid {IDS} {A}rchitecture {B}ased on the
                   {I}mmune {S}ystem},
  BookTitle      = {Anais do 20 {S}imp\'osio {B}rasileiro de {R}edes de
                   {C}omputadores},
  year           = 2002,
}

@Book{hacker,
  Author         = {{Stuart McClure} and {Joel Scambray} and {George
                   Kurtz}},
  Title          = {Hacking {E}xposed: {N}etwork {S}ecurity {S}ecrets \&
                   {S}olutions},
  Publisher      = {Osborne McGraw-Hill},
  Edition        = {3th},
  year           = 2001,
}

@Book{Mic98,
  Author         = {Michaelis},
  Title          = {Moderno {D}icion\'ario da {L}\'{\i}ngua {P}ortuguesa},
  year           = 1998,
}

@Book{JJA96,
  Author         = {{Jos\'e J\'ulio Alferes} and {Lu\'{\i}s Moniz Pereira}},
  Title          = {Reasoning with {L}ogic {P}rogramming},
  Publisher      = {Springer Verlag},
  year           = 1996,
}

@Misc{kakas98role,
  Author         = "A. Kakas and R. Kowalski and F. Toni",
  Title          = "The role of abduction in logic programming",
  year           = 1998,
  text           = "Kakas, A. C., Kowalski, R. A. and Toni, F.: The role
                   of abduction in logic programming, Handbook of logic in
                   Artificial Intelligence and Logic Programming 5, Oxford
                   University Press, 1998, 235--324.",
  url            = "citeseer.nj.nec.com/kakas98role.html",
}

@Article{Kakas,
  Author         = {{A. C. Kakas} and {R. A. Kowalski}, {F. Toni}},
  Title          = {Abductive {L}ogic {P}rogramming},
  Journal        = {Journal of Logic and Computation},
  Volume         = {2},
  Number         = {6},
  Pages          = {719-770},
  year           = 1993,
}

@Book{AST02,
  Author         = {{Andrew S. Tanenbaum}},
  Title          = {Computer {N}etworks},
  Publisher      = {Prentice Hall},
  Edition        = {4th},
  year           = 2002,
}

@Article{eiter00planning,
  Author         = "Thomas Eiter and Wolfgang Faber and Nicola Leone and
                   Gerald Pfeifer and Axel Polleres",
  Title          = "Planning under Incomplete Knowledge",
  Journal        = "Lecture Notes in Computer Science",
  Volume         = "1861",
  Pages          = "807--??",
  url            = "citeseer.nj.nec.com/eiter00planning.html",
  year           = 2000,
}

@Book{SG98,
  Author         = {Patrick Smith and Steve Guengerich},
  Title          = {Client/Server Computing},
  Publisher      = {SAMS},
  year           = 1998,
}

@Book{CV00,
  Author         = {Eric Knight},
  Title          = {Computer Vulnerabilities},
  Publisher      = {SAMS},
  year           = 2000,
}

@Unpublished{ACMC02,
  Author         = {{Arthur Cypriano Monteiro Costa}},
  Title          = {Implementa\c{c}\~ao de um modelo gen\'erico para
                   representa\c{c}\~ao de vulnerabilidades e invas\~oes},
  Note           = {Relat\'orio final de Inicia\c{c}\~ao Cient\'{\i}fica - PIBIC/UFES},
  year           = 2002,
}

@Book{Stallings95,
  Author         = "William Stallings",
  Title          = "Network and Internetwork Security",
  Publisher      = "Prentice Hall",
  year           = 1995,
}

@Misc{Sar02,
  Author         = {Sara},
  Title          = {{S}ecurity {A}uditor's {R}easearch {A}ssitant},
  HowPublished   = {URL: http://www-arc.com/sara},
  Note           = {Last Visited: 22/07/2002},
  year           = 2002,
}

@Misc{wuftp,
  Author         = {WU-FTPD Development Group},
  Title          = {WU-FTPD Development Group},
  HowPublished   = {URL: http://www.wu-ftpd.org},
  Note           = {Last Visited: 25/11/2002},
  year           = 2002,
}

@Book{AST98,
  Author         = {{Andrew S. Tanenbaum}},
  Title          = {Structured {C}omputer {O}rganization},
  Publisher      = {Prentice Hall},
  Edition        = {4th},
  year           = 1998,
}

@Book{DotAPS97,
  Editor         = {{Department of the Army Publication Staff}},
  Title          = {Basic {C}ryptanalysis, {F}ield {M}anual 34-40-2},
  Publisher      = {Aegean Park Pr},
  year           = 1997,
}

@Book{JVMM02,
  Author         = {{John Viega} and {Matt Messier} and {Pravir Chandra}},
  Title          = {Network {S}ecurity with {O}pen{SSL}},
  Publisher      = {O'Reilly},
  year           = 2002,
}

@Misc{PG02,
  Author         = {{Peter Gutmman}},
  Title          = {{g}odzilla crypto tutorial},
  HowPublished   = {URL: http://www.cs.auckland.ac.nz/~pgut001},
  year           = 2002,
}

@Book{WS96,
  Editor         = {{William Stallings}},
  Title          = {Practical {C}ryptography for {D}ata {I}nternetworks},
  Publisher      = {IEEE Computer Society},
  year           = 1996,
}

@Article{DBP94,
  Author         = {{Donn B. Parker}},
  Title          = {Demonstrating the {E}lements of {I}nformation
                   {S}ecurity with {T}hreats},
  Journal        = {Proceedings of the 17th National Computer Security
                   Conference},
  Pages          = {421-430},
  year           = 1994,
}

@InProceedings{meyer99dynamic,
  Author         = "{John-Jules Ch.} Meyer",
  Title          = "Dynamic Logic for Reasoning about Actions and Agents",
  BookTitle      = "Workshop on Logic-Based Artificial Intelligence,
                   Washington, {DC}, June 14--16, 1999",
  Editor         = "Jack Minker",
  Address        = "College Park, Maryland",
  Publisher      = "Computer Science Department, University of Maryland",
  url            = "citeseer.nj.nec.com/meyer99dynamic.html",
  year           = 1999,
}

@Book{Apache00,
  Author         = "Andrew Ford",
  Title          = "Apache Pocket Reference",
  Publisher      = "O'Reilly",
  year           = 2000,
}

@Misc{ftp2002,
  Author         = {{Network Windows \& .Net Magazine}},
  Title          = {FTP Management and Configuration},
  HowPublished   = {URL:
                   http://www.windowsitlibrary.com/Content/141/04/1.html},
  Note           = {Last visited: 09/06/2002},
  year           = 2002,
}

@Misc{ICAT,
  Author         = {{ICAT Metabase}},
  Title          = {ICAT Metabase},
  HowPublished   = {URL: http://icat.nist.gov/icat.cfm},
  Note           = {Last visited: 10/02/2003},
  year           = 2003,
}

@Misc{SF03,
  Author         = {{Security Focus}},
  Title          = {Security Focus},
  HowPublished   = {URL: http://www.securityfocus.com/corporate/products/vdb},
  Note           = {Last visited: 10/02/2003},
  year           = 2003,
}

@Misc{osvdb,
  Author         = {{Open Source Vulnerability Database}},
  Title          = {{O}pen {S}ource {V}ulnerability {D}ata{b}ase},
  HowPublished   = {URL: http://www.osvdb.org/},
  Note           = {Last visited: 10/02/2003},
  year           = 2003,
}

@Misc{XFDB,
  Author         = {{X-Force Database}},
  Title          = {X-Force Database},
  HowPublished   = {URL: http://www.iss.net/security\_center/search.php},
  Note           = {Last visited: 10/02/2003},
  year           = 2003,
}

@Misc{cert,
  Author         = {{Cert}},
  Title          = {Cert},
  HowPublished   = {URL: http://www.cert.org},
  Note           = {Last visited: 10/02/2003},
  year           = 2003,
}

@Misc{cve,
  Author         = {{Common Vulnerability and Exposure}},
  Title          = {{C}ommon {V}ulnerability and {E}xposure},
  HowPublished   = {URL: http://www.cve.mitre.org},
  Note           = {Last visited: 10/02/2003},
  year           = 2003,
}

@Misc{bugtraq,
  Author         = {{Bugtraq}},
  Title          = {BugTraq},
  HowPublished   = {URL: http://lists.insecure.org/lists/bugtraq/},
  Note           = {Last visited: 10/02/2003},
  year           = 2003,
}

@Misc{PenTest,
  Author         = {{Penetration Testing}},
  Title          = {Penetration Testing},
  HowPublished   = {URL: http://lists.insecure.org/lists/pen-test/},
  Note           = {Last visited: 10/02/2003},
  year           = 2003,
}

@Misc{VulnDev,
  Author         = {{Vulnerability Development}},
  Title          = {Vulnerability Development},
  HowPublished   = {URL: http://lists.insecure.org/lists/vuln-dev/},
  Note           = {Last visited: 10/02/2003},
  year           = 2003,
}

@Misc{alldas,
  Author         = {{Defaced Sites}},
  Title          = {Defaced Sites},
  HowPublished   = {URL: http://lists.insecure.org/lists/alldas/},
  Note           = {Last visited: 10/02/2003},
  year           = 2003,
}

@Misc{VulnWatch,
  Author         = {{VulnWatch}},
  Title          = {VulnWatch},
  HowPublished   = {URL: http://lists.insecure.org/lists/vulnwatch/},
  Note           = {Last visited: 10/02/2003},
  year           = 2003,
}

@Misc{VulnDiscuss,
  Author         = {{VulnDiscuss}},
  Title          = {VulnDiscuss},
  HowPublished   = {URL: http://lists.insecure.org/lists/vulndiscuss/},
  Note           = {Last visited: 10/02/2003},
  year           = 2003,
}

@Misc{SecBas,
  Author         = {{Security Basics}},
  Title          = {Security Basics},
  HowPublished   = {URL: http://lists.insecure.org/lists/security-basics/},
  Note           = {Last visited: 10/02/2003},
  year           = 2003,
}

@Misc{FIds,
  Author         = {{IDS Focus}},
  Title          = {IDS Focus},
  HowPublished   = {URL: http://lists.insecure.org/lists/focus-ids/},
  Note           = {Last visited: 10/02/2003},
  year           = 2003,
}

@Misc{FiWi,
  Author         = {{Firewall Wizards}},
  Title          = {Firewall Wizards},
  HowPublished   = {URL: http://lists.insecure.org/lists/firewall-wizards/},
  Note           = {Last visited: 10/02/2003},
  year           = 2003,
}

@Misc{incidents,
  Author         = {{Incidents}},
  Title          = {Incidents},
  HowPublished   = {URL: http://lists.insecure.org/lists/incidents/},
  Note           = {Last visited: 10/02/2003},
  year           = 2003,
}

@Misc{FDisc,
  Author         = {{Full Disclosure}},
  Title          = {Full Disclosure},
  HowPublished   = {URL: http://lists.insecure.org/lists/fulldisclosure/},
  Note           = {Last visited: 10/02/2003},
  year           = 2003,
}

@Misc{MSSEC,
  Author         = {{MS Sec Notification}},
  Title          = {MS Sec Notification},
  HowPublished   = {URL: http://lists.insecure.org/lists/microsoft/},
  Note           = {Last visited: 10/02/2003},
  year           = 2003,
}

@Misc{honeypots,
  Author         = {{Honeypots}},
  Title          = {Honeypots},
  HowPublished   = {URL: http://lists.insecure.org/lists/honeypots/},
  Note           = {Last visited: 10/02/2003},
  year           = 2003,
}

@Article{MAK02,
  Author         = {{Marlon Alves Konrath} and {Josu\'e Sperb} and
                   {eduardo Isaia Filho} and {Luciano Gaspary} and {Liane
                   Tarouco}},
  Title          = {Um {IDS} {B}aseado em {R}ede com suporte \`a
                   especifica\c{c}\~ao em {A}lto {N}\'{\i}vel de
                   assinaturas de ataques},
  Journal        = {Simp\'osio Brasileiro de Redes de Computadores},
  year           = 2002,
}

@Book{GBJD97,
  Author         = {{Gerhard Brewka} and {J\"urgen Dix} and {Kurt
                   Konolige}},
  Title          = {Nonmonotonic reasoning: an overview},
  Publisher      = {CLSI publications},
  year           = 1997,
}

@Book{Davis90,
  Author         = "Ernest Davis",
  Title          = "Representations of Commansense Knowledge",
  Publisher      = "Morgan Kaufmann",
  year           = 1990,
}

@Book{NFSandNIS00,
  Author         = "Hal Stern and Mike Eisler and Ricardo Labiaga",
  Title          = "Managing NFS and NIS",
  Publisher      = "O'Reilly",
  year           = 2001,
}

@TechReport{Venturin,
  Author         = {{Eduardo Venturin Linhalis}},
  Title          = {Avaliação da segurança interna de uma rede corporativa},
  Institution    = {Departamento de Inform\'atica - UFES},
  Address        = {Vit\'oria - ES, Brasil},
  year           = 2001,
}

@Book{Sendmail,
  Author         = "Bryan Costales and Eric Allman",
  Title          = "Sendmail",
  Publisher      = "O'Really",
  year           = 1997,
}

@Book{CLH88,
  Author         = {{Charles L. Hedrick}},
  Title          = {Introduction to the {I}nternet {P}rotocols},
  Publisher      = {The State University of New Jersey},
  year           = 1988,
}

@Book{Silberchatz99,
  Author         = "Abraham Silverchatz and Henry F. Korth",
  Title          = "Sistema de Banco de Dados",
  Publisher      = "Makron Books",
  Year           = 1999,}
